	@MISC{cofogdata,
		author={OECD},
		title = "{2022 Government expenditure by function (COFOG)}",
		url={https://stats.oecd.org/Index.aspx?datasetcode=SNA_TABLE11},
		note="[Online; retrieved on 13.1.2022]"
	}
		

	@book{cofogcats,
	   author = "OECD",
	   title = "Classification of the Functions of Government (COFOG)",
	   year = "2021",
	   url = "https://www.oecd-ilibrary.org/content/component/95603f6f-en",
	   doi = "https://doi.org/https://doi.org/10.1787/95603f6f-en" 
	}
	
	@MISC{whrdata,
		author={Gallup World Poll},
		title = "{World happiness report data}",
		url={https://happiness-report.s3.amazonaws.com/2021/DataPanelWHR2021C2.xls},
		note="[Online; retrieved on 13.1.2022]"
	}
	
	@techreport{worldpoll,
	  author      = {Gallup},
	  title       = "{World Poll Methodology}",
	  year        = 2009,
	}
	
	@MISC{totalspending,
		author={OECD (2022)},
		title = "{General government spending (indicator).}",
		doi={10.1787/a31cbf4d-en},
		note="[Accessed on 20 January 2022]"
	}
	
	@techreport{neuralnetworks,
	  title={Learning internal representations by error propagation},
	  author={Rumelhart, David E and Hinton, Geoffrey E and Williams, Ronald J},
	  year={1985},
	  institution={California Univ San Diego La Jolla Inst for Cognitive Science}
	}
	
	@inproceedings{lbfgs,
	  title={Practical Methods of Optimization},
	  author={Roger Fletcher},
	  year={1988}
	}
	
	@MISC{r2,
		author={Wright (January 1921), Sewall},
		title = "{Correlation and causation. Journal of Agricultural Research. 20: 557â€“585}",
	}
